
@article{ sutton1990,
Author = {Sutton, AP and Chen, J},
Title = {Long-range Finnis Sinclair Potentials},
Journal = {Philos Mag Lett},
Year = {1990},
Volume = {61},
Number = {3},
Pages = {139-146},
Month = {MAR},
DOI = {10.1080/09500839008206493},
ISSN = {0950-0839},
Unique-ID = {WOS:A1990CT88600010},
}
@article{dongare2014,
  title={Quasi-coarse-grained dynamics: modelling of metallic materials at mesoscales},
  author={Dongare, Avinash M},
  journal={Philos Mag},
  volume={94},
  number={34},
  pages={3877--3897},
  year={2014},
  publisher={Taylor \& Francis}
}
